{
  "leader": "00778nam a2200217 c 4500",
  "fields": [
    {
      "001": "53957015X"
    },
    {
      "003": "DE-601"
    },
    {
      "005": "20070817075301.0"
    },
    {
      "007": "hu\\uuu\\\\\\uuuu"
    },
    {
      "008": "070816s1955\\\\\\\\xxu\\\\\\\\\\\\\\\\\\\\\\000\\0\\eng\\d"
    },
    {
      "035": {
        "ind1": "\\",
        "ind2": "\\",
        "subfields": [
          {
            "a": "(DE-599)GBV53957015X"
          }
        ]
      }
    },
    {
      "040": {
        "ind1": "\\",
        "ind2": "\\",
        "subfields": [
          {
            "b": "ger"
          },
          {
            "c": "GBVCP"
          }
        ]
      }
    },
    {
      "041": {
        "ind1": "0",
        "ind2": "\\",
        "subfields": [
          {
            "a": "eng"
          }
        ]
      }
    },
    {
      "100": {
        "ind1": "1",
        "ind2": "\\",
        "subfields": [
          {
            "a": "Stavrou, C.N."
          }
        ]
      }
    },
    {
      "245": {
        "ind1": "1",
        "ind2": "4",
        "subfields": [
          {
            "a": "The Neurotic Heroine in Tennessee Williams"
          },
          {
            "h": "microform"
          },
          {
            "c": "C.N. Stavrou"
          }
        ]
      }
    },
    {
      "264": {
        "ind1": "3",
        "ind2": "1",
        "subfields": [
          {
            "a": "New York"
          },
          {
            "b": "Columbia University"
          },
          {
            "c": "1955"
          }
        ]
      }
    },
    {
      "300": {
        "ind1": "\\",
        "ind2": "\\",
        "subfields": [
          {
            "a": "1 Mikrofilm"
          },
          {
            "a": "26-34 S."
          }
        ]
      }
    },
    {
      "533": {
        "ind1": "\\",
        "ind2": "\\",
        "subfields": [
          {
            "a": "Mikrofilm-Ausg."
          },
          {
            "d": "1957"
          },
          {
            "e": "1 Mikrofilm"
          },
          {
            "7": "|1957||||||||||"
          }
        ]
      }
    },
    {
      "773": {
        "ind1": "0",
        "ind2": "8",
        "subfields": [
          {
            "i": "Aus: "
          },
          {
            "t": "Literature and Psychology, 5 (1955) 26.-34."
          }
        ]
      }
    },
    {
      "900": {
        "ind1": "\\",
        "ind2": "\\",
        "subfields": [
          {
            "a": "GBV"
          },
          {
            "b": "UB Kiel <8>"
          },
          {
            "g": "!8/55! WIL | STA | Neu"
          },
          {
            "x": "N"
          },
          {
            "z": "N"
          },
          {
            "g": "Bibliothekszimmer"
          }
        ]
      }
    },
    {
      "954": {
        "ind1": "\\",
        "ind2": "\\",
        "subfields": [
          {
            "0": "UB Kiel <8>"
          },
          {
            "a": "24"
          },
          {
            "b": "830721037"
          },
          {
            "c": "01"
          },
          {
            "f": "8/55"
          },
          {
            "d": "WIL | STA | Neu"
          },
          {
            "e": "i"
          },
          {
            "d": "Bibliothekszimmer"
          },
          {
            "x": "0008"
          }
        ]
      }
    }
  ]
}
